@article{hsia1991robust,
  title={Robust independent joint controller design for industrial robot manipulators},
  author={Hsia, TC Steve and Lasky, Ty A and Guo, Zhengyu},
  journal={IEEE transactions on industrial electronics},
  volume={38},
  number={1},
  pages={21--25},
  year={1991},
  publisher={IEEE}
}

@article{chang1995robust,
  title={Robust force/position control of a robot manipulator using time-delay control},
  author={Chang, Pyung-Hun and Kim, DS and Park, KC},
  journal={Control Engineering Practice},
  volume={3},
  number={9},
  pages={1255--1264},
  year={1995},
  publisher={Elsevier}
}

@article{jin2009practical,
  title={Practical nonsingular terminal sliding-mode control of robot manipulators for high-accuracy tracking control},
  author={Jin, Maolin and Lee, Jinoh and Chang, Pyung Hun and Choi, Chintae},
  journal={IEEE Transactions on Industrial Electronics},
  volume={56},
  number={9},
  pages={3593--3601},
  year={2009},
  publisher={IEEE}
}
@article{han2010robust,
  title={Robust tracking of robot manipulator with nonlinear friction using time delay control with gradient estimator},
  author={Han, Dong Ki and Chang, Pyung-hun},
  journal={Journal of mechanical science and technology},
  volume={24},
  pages={1743--1752},
  year={2010},
  publisher={Springer}
}
@article{baek2016new,
  title={A new adaptive sliding-mode control scheme for application to robot manipulators},
  author={Baek, Jaemin and Jin, Maolin and Han, Soohee},
  journal={IEEE Transactions on industrial electronics},
  volume={63},
  number={6},
  pages={3628--3637},
  year={2016},
  publisher={IEEE}
}
@book{spong2008robot,
  title={Robot dynamics and control},
  author={Spong, Mark W and Vidyasagar, Mathukumalli},
  year={2008},
  publisher={John Wiley \& Sons}
}
@article{dai2020robust,
  title={Robust model predictive tracking control for robot manipulators with disturbances},
  author={Dai, Li and Yu, Yuantao and Zhai, Di-Hua and Huang, Teng and Xia, Yuanqing},
  journal={IEEE Transactions on industrial electronics},
  volume={68},
  number={5},
  pages={4288--4297},
  year={2020},
  publisher={IEEE}
}

@article{cao2021practical,
  title={Practical prescribed time control of Euler--Lagrange systems with partial/full state constraints: A settling time regulator-based approach},
  author={Cao, Ye and Cao, Jianfu and Song, Yongduan},
  journal={IEEE Transactions on Cybernetics},
  volume={52},
  number={12},
  pages={13096--13105},
  year={2021},
  publisher={IEEE}
}

@article{li2016adaptive,
  title={Adaptive control of robotic manipulators with unified motion constraints},
  author={Li, Mingming and Li, Yanan and Ge, Shuzhi Sam and Lee, Tong Heng},
  journal={IEEE Transactions on Systems, Man, and Cybernetics: Systems},
  volume={47},
  number={1},
  pages={184--194},
  year={2016},
  publisher={IEEE}
}

@article{lyu2021predefined,
  title={Predefined performance adaptive control of robotic manipulators with dynamic uncertainties and input saturation constraints},
  author={Lyu, Weizhi and Zhai, Di-Hua and Xiong, Yuhan and Xia, Yuanqing},
  journal={Journal of the Franklin Institute},
  volume={358},
  number={14},
  pages={7142--7169},
  year={2021},
  publisher={Elsevier}
}

@article{han2013barrier,
  title={Barrier Lyapunov function-based sliding mode control for guaranteed tracking performance of robot manipulator},
  author={Han, Seong Ik and Cheong, Jeong Yun and Lee, Jang Myung and others},
  journal={Mathematical Problems in Engineering},
  volume={2013},
  year={2013},
  publisher={Hindawi}
}
@article{cruz2022non,
  title={Non-singular terminal sliding-mode control for a manipulator robot using a barrier Lyapunov function},
  author={Cruz-Ortiz, David and Chairez, Isaac and Poznyak, Alexander},
  journal={ISA transactions},
  volume={121},
  pages={268--283},
  year={2022},
  publisher={Elsevier}
}
@inproceedings{tran2019barrier,
  title={Barrier Lyapunov function based output control and extended state observer for a manipulator with time-varying output constraints and uncertainties},
  author={Tran, Duc Thien and Dao, Hoang Vu and Liu, Huan and Yum, Young Jin and Ahn, Kyoung Kwan},
  booktitle={2019 23rd International Conference on Mechatronics Technology (ICMT)},
  pages={1--6},
  year={2019},
  organization={IEEE}
}
@inproceedings{cruz2019decentralized,
  title={Decentralized sliding-mode control of robotic manipulator with constraint workspace: a finite-convergent barrier Lyapunov approach},
  author={Cruz-Ortiz, David and Chairez, Isaac and Utkin, Vadim I and Poznyak, Alexander},
  booktitle={2019 16th International Conference on Electrical Engineering, Computing Science and Automatic Control (CCE)},
  pages={1--6},
  year={2019},
  organization={IEEE}
}
@article{zhang2019disturbance,
  title={Disturbance observer-based fixed-time prescribed performance tracking control for robotic manipulator},
  author={Zhang, Yu and Hua, Changchun and Li, Kuo},
  journal={International Journal of Systems Science},
  volume={50},
  number={13},
  pages={2437--2448},
  year={2019},
  publisher={Taylor \& Francis}
}
@article{cruz2022sliding,
  title={Sliding-mode control of full-state constraint nonlinear systems: A barrier lyapunov function approach},
  author={Cruz-Ortiz, David and Chairez, Isaac and Poznyak, Alexander},
  journal={IEEE Transactions on Systems, Man, and Cybernetics: Systems},
  volume={52},
  number={10},
  pages={6593--6606},
  year={2022},
  publisher={IEEE}
}
@article{mobayen2021adaptive,
  title={Adaptive continuous barrier function terminal sliding mode control technique for disturbed robotic manipulator},
  author={Mobayen, Saleh and Alattas, Khalid A and Assawinchaichote, Wudhichai},
  journal={IEEE Transactions on Circuits and Systems I: Regular Papers},
  volume={68},
  number={10},
  pages={4403--4412},
  year={2021},
  publisher={IEEE}
}
@article{ahmed2019adaptive,
  title={Adaptive high-order terminal sliding mode control based on time delay estimation for the robotic manipulators with backlash hysteresis},
  author={Ahmed, Saim and Wang, Haoping and Tian, Yang},
  journal={IEEE Transactions on Systems, Man, and Cybernetics: Systems},
  volume={51},
  number={2},
  pages={1128--1137},
  year={2019},
  publisher={IEEE}
}
@article{jin2017robust,
  title={Robust control of robot manipulators using inclusive and enhanced time delay control},
  author={Jin, Maolin and Kang, Sang Hoon and Chang, Pyung Hun and Lee, Jinoh},
  journal={IEEE/ASME Transactions on Mechatronics},
  volume={22},
  number={5},
  pages={2141--2152},
  year={2017},
  publisher={IEEE}
}
@article{lee2017adaptive,
  title={Adaptive integral sliding mode control with time-delay estimation for robot manipulators},
  author={Lee, Junyoung and Chang, Pyung Hun and Jin, Maolin},
  journal={IEEE Transactions on Industrial Electronics},
  volume={64},
  number={8},
  pages={6796--6804},
  year={2017},
  publisher={IEEE}
}
@article{baek2017practical,
  title={Practical time-delay control with adaptive gains for trajectory tracking of robot manipulators},
  author={Baek, Jaemin and Cho, Soonwan and Han, Soohee},
  journal={IEEE Transactions on Industrial Electronics},
  volume={65},
  number={7},
  pages={5682--5692},
  year={2017},
  publisher={IEEE}
}
@article{van2016finite,
  title={Finite time fault tolerant control for robot manipulators using time delay estimation and continuous nonsingular fast terminal sliding mode control},
  author={Van, Mien and Ge, Shuzhi Sam and Ren, Hongliang},
  journal={IEEE transactions on cybernetics},
  volume={47},
  number={7},
  pages={1681--1693},
  year={2016},
  publisher={IEEE}
}
@article{zhao2017prescribed,
  title={Prescribed performance control of uncertain Euler--Lagrange systems subject to full-state constraints},
  author={Zhao, Kai and Song, Yongduan and Ma, Tiedong and He, Liu},
  journal={IEEE transactions on neural networks and learning systems},
  volume={29},
  number={8},
  pages={3478--3489},
  year={2017},
  publisher={IEEE}
}
@article{zhu2018adaptive,
  title={Adaptive sliding mode disturbance observer-based composite control with prescribed performance of space manipulators for target capturing},
  author={Zhu, Yukai and Qiao, Jianzhong and Guo, Lei},
  journal={IEEE Transactions on Industrial Electronics},
  volume={66},
  number={3},
  pages={1973--1983},
  year={2018},
  publisher={IEEE}
}

@article{chen2020model,
  title={Model predictive control with integral compensation for motion control of robot manipulator in joint and task spaces},
  author={Chen, Yuhan and Luo, Xiao and Han, Baoling and Luo, Qingsheng and Qiao, Lijun},
  journal={IEEE Access},
  volume={8},
  pages={107063--107075},
  year={2020},
  publisher={IEEE}
}


@article{wang2022incremental,
  title={Incremental model predictive control exploiting time-delay estimation for a robot manipulator},
  author={Wang, Yongchao and Leibold, Marion and Lee, Jinoh and Ye, Wenyan and Xie, Jing and Buss, Martin},
  journal={IEEE Transactions on Control Systems Technology},
  volume={30},
  number={6},
  pages={2285--2300},
  year={2022},
  publisher={IEEE}
}
@article{zhang2022error,
  title={Error-summation enhanced newton algorithm for model predictive control of redundant manipulators},
  author={Zhang, Fan and Jin, Long and Luo, Xin},
  journal={IEEE Transactions on Industrial Electronics},
  volume={70},
  number={3},
  pages={2800--2811},
  year={2022},
  publisher={IEEE}
}
@article{billard2019trends,
  title={Trends and challenges in robot manipulation},
  author={Billard, Aude and Kragic, Danica},
  journal={Science},
  volume={364},
  number={6446},
  pages={eaat8414},
  year={2019},
  publisher={American Association for the Advancement of Science}
}
